<record><leader>00000cas a2200000 a 4500</leader><controlfield tag="001">20235263</controlfield><controlfield tag="008">890823d19802001gaudr ne      0    0eng c</controlfield><datafield ind1=" " ind2=" " tag="010"><subfield code="a">sn 88054114 </subfield></datafield><datafield ind1=" " ind2=" " tag="040"><subfield code="a">NLG</subfield><subfield code="b">eng</subfield><subfield code="c">NLG</subfield><subfield code="d">GUA</subfield><subfield code="d">OCLCQ</subfield><subfield code="d">OCLCF</subfield><subfield code="d">OCLCO</subfield></datafield><datafield ind1="1" ind2=" " tag="029"><subfield code="a">AU@</subfield><subfield code="b">000020562318</subfield></datafield><datafield ind1=" " ind2=" " tag="042"><subfield code="a">pcc</subfield></datafield><datafield ind1=" " ind2=" " tag="043"><subfield code="a">n-us-ga</subfield></datafield><datafield ind1="0" ind2=" " tag="130"><subfield code="a">Athens daily news (Athens, Ga. : 1980)</subfield></datafield><datafield ind1="1" ind2="0" tag="245"><subfield code="a">Athens daily news.</subfield></datafield><datafield ind1="1" ind2=" " tag="246"><subfield code="i">Sunday issues for Sept. 27, 1980-198 published as:</subfield><subfield code="a">Banner-herald/The daily news</subfield></datafield><datafield ind1="1" ind2=" " tag="246"><subfield code="i">Sunday issues for 1988-2001 published as:</subfield><subfield code="a">Athens daily news Athens banner-herald</subfield></datafield><datafield ind1="1" ind2=" " tag="246"><subfield code="i">Saturday issues for 1980-198 published as:</subfield><subfield code="a">Saturday banner-herald/The daily news</subfield></datafield><datafield ind1=" " ind2=" " tag="260"><subfield code="a">Athens, Ga. :</subfield><subfield code="b">Athens Newspapers,</subfield><subfield code="c">[1980-2001]</subfield></datafield><datafield ind1=" " ind2=" " tag="300"><subfield code="a">v.</subfield></datafield><datafield ind1=" " ind2=" " tag="310"><subfield code="a">Daily</subfield></datafield><datafield ind1="0" ind2=" " tag="362"><subfield code="a">Vol. 16, no. 172 (Sept. 2, 1980)-v. 35, no. 85 (Apr. 30, 2001).</subfield></datafield><datafield ind1=" " ind2=" " tag="500"><subfield code="a">Published in combination with the Athens Banner-Herald on Saturday, Sunday, January 1, July 4, Labor day, Thanksgiving and Christmas.</subfield></datafield><datafield ind1=" " ind2=" " tag="530"><subfield code="a">Also on microfilm: Athens, Ga. : University of Georgia Libraries.</subfield></datafield><datafield ind1=" " ind2="0" tag="651"><subfield code="a">Athens-Clarke County (Ga.)</subfield><subfield code="v">Newspapers.</subfield></datafield><datafield ind1=" " ind2="7" tag="655"><subfield code="a">Newspapers.</subfield><subfield code="2">fast</subfield><subfield code="0">(OCoLC)fst01423814</subfield></datafield><datafield ind1=" " ind2="7" tag="651"><subfield code="a">Georgia</subfield><subfield code="z">Athens-Clarke County.</subfield><subfield code="2">fast</subfield><subfield code="0">(OCoLC)fst01255999</subfield></datafield><datafield ind1=" " ind2=" " tag="752"><subfield code="a">United States</subfield><subfield code="b">Georgia</subfield><subfield code="c">Athens-Clarke</subfield><subfield code="d">Athens.</subfield></datafield><datafield ind1="0" ind2="0" tag="780"><subfield code="t">Daily news (Athens, Ga.)</subfield><subfield code="w">(DLC)sn 88054113</subfield><subfield code="w">(OCoLC)20235040</subfield></datafield><datafield ind1="0" ind2="4" tag="785"><subfield code="t">Athens banner-herald</subfield><subfield code="w">(DLC)sn 88054115</subfield><subfield code="w">(OCoLC)21220341</subfield></datafield></record>